<?xml version="1.0" encoding="UTF-8" standalone="yes"?>
<Document xmlns="urn:iso:std:iso:20022:tech:xsd:pacs.003.001.05" xmlns:ns2="http://www.Progressoft.com/ACH">
	<FIToFICstmrDrctDbt>
		<GrpHdr>
			<MsgId>0001161122001</MsgId>
			<CreDtTm>2017-01-23T11:57:04.656+02:00</CreDtTm>
			<NbOfTxs>1</NbOfTxs>
			<TtlIntrBkSttlmAmt Ccy="JOD">9</TtlIntrBkSttlmAmt>
			<IntrBkSttlmDt>2017-01-23</IntrBkSttlmDt>
			<SttlmInf>
				<SttlmMtd>CLRG</SttlmMtd>
				<ClrSys>
					<Prtry>ACH</Prtry>
				</ClrSys>
			</SttlmInf>
			<PmtTpInf>
				<CtgyPurp>
					<Prtry>2</Prtry>
				</CtgyPurp>
			</PmtTpInf>
			<InstgAgt>
				<FinInstnId>
					<BICFI>NBOMOMRX</BICFI>
				</FinInstnId>
				<BrnchId>
					<Id>2</Id>
				</BrnchId>
			</InstgAgt>
			<InstdAgt>
				<FinInstnId>
					<BICFI>IZZBOMRU</BICFI>
				</FinInstnId>
				<BrnchId>
					<Id>1</Id>
				</BrnchId>
			</InstdAgt>
		</GrpHdr>
		<DrctDbtTxInf>
			<PmtId>
				<EndToEndId>546565</EndToEndId>
				<TxId>0001161122001001</TxId>
			</PmtId>
			<IntrBkSttlmAmt Ccy="JOD">9</IntrBkSttlmAmt>
			<SttlmPrty>NORM</SttlmPrty>
			<ChrgBr>SLEV</ChrgBr>
			<DrctDbtTx>
				<MndtRltdInf>
					<MndtId>NBO-MNDT-1</MndtId>
					<FrstColltnDt>2017-01-23</FrstColltnDt>
				</MndtRltdInf>
			</DrctDbtTx>
			<Cdtr>
				<Nm>yazan</Nm>
				<Id>
					<PrvtId>
						<Othr>
							<Id>creditor privateIdValue</Id>
							<SchmeNm>
								<Prtry>0007</Prtry>
							</SchmeNm>
						</Othr>
					</PrvtId>
				</Id>
			</Cdtr>
			<CdtrAcct>
				<Id>
					<Othr>
						<Id>6565</Id>
					</Othr>
				</Id>
			</CdtrAcct>
			<CdtrAgt>
				<FinInstnId>
					<BICFI>NBOMOMRX</BICFI>
				</FinInstnId>
				<BrnchId>
					<Id>1</Id>
				</BrnchId>
			</CdtrAgt>
			<Dbtr>
				<Nm>mohmd</Nm>
				<Id>
					<PrvtId>
						<Othr>
							<Id>debtor privateIdValue</Id>
							<SchmeNm>
								<Prtry>0003</Prtry>
							</SchmeNm>
						</Othr>
					</PrvtId>
				</Id>
			</Dbtr>
			<DbtrAcct>
				<Id>
					<Othr>
						<Id>6565</Id>
					</Othr>
				</Id>
			</DbtrAcct>
			<DbtrAgt>
				<FinInstnId>
					<BICFI>IZZBOMRU</BICFI>
				</FinInstnId>
				<BrnchId>
					<Id>1</Id>
				</BrnchId>
			</DbtrAgt>
			<Purp>
            	 <Prtry>1</Prtry>
            </Purp>
			<RmtInf>
				<Ustrd>PACS3</Ustrd>
			</RmtInf>
			<SplmtryData>
				<Envlp>
					<ns2:supplementaryData>
						<ns2:Items>
							<ns2:Item key="paymentSequence">1</ns2:Item>
							<ns2:Item key="paymentCollectionDate">2017-01-23</ns2:Item>
						</ns2:Items>
					</ns2:supplementaryData>
				</Envlp>
			</SplmtryData>
		</DrctDbtTxInf>
		<SplmtryData>
			<Envlp>
				<ns2:supplementaryData>
					<ns2:Items>
						<ns2:Item key="batchSource">1</ns2:Item>
					</ns2:Items>
				</ns2:supplementaryData>
			</Envlp>
		</SplmtryData>
	</FIToFICstmrDrctDbt>
</Document>