<?xml version="1.0" encoding="UTF-8" standalone="yes"?>
<Document xmlns="urn:iso:std:iso:20022:tech:xsd:pacs.008.001.05" xmlns:ns2="http://www.Progressoft.com/ACH">
	<FIToFICstmrCdtTrf>
		<GrpHdr>
			<MsgId>NBOM22x000045</MsgId>
			<CreDtTm>2017-01-23T11:57:04.656+02:00</CreDtTm>
			<NbOfTxs>1</NbOfTxs>
			<TtlIntrBkSttlmAmt Ccy="JOD">9</TtlIntrBkSttlmAmt>
			<IntrBkSttlmDt>2017-01-23</IntrBkSttlmDt>
			<SttlmInf>
				<SttlmMtd>CLRG</SttlmMtd>
				<ClrSys>
					<Prtry>ACH</Prtry>
				</ClrSys>
			</SttlmInf>
			<PmtTpInf>
				<CtgyPurp>
					<Prtry>2</Prtry>
				</CtgyPurp>
			</PmtTpInf>
			<InstgAgt>
				<FinInstnId>
					<BICFI>NBOMOMRX</BICFI>
				</FinInstnId>
				<BrnchId>
					<Id>1</Id>
				</BrnchId>
			</InstgAgt>
			<InstdAgt>
				<FinInstnId>
					<BICFI>IZZBOMRU</BICFI>
				</FinInstnId>
				<BrnchId>
					<Id>1</Id>
				</BrnchId>
			</InstdAgt>
		</GrpHdr>
		<CdtTrfTxInf>
			<PmtId>
				<InstrId>001</InstrId>
				<EndToEndId>1</EndToEndId>
				<TxId>NBOM22x000045001</TxId>
			</PmtId>
			<IntrBkSttlmAmt Ccy="JOD">9</IntrBkSttlmAmt>
			<SttlmPrty>NORM</SttlmPrty>
			<ChrgBr>SLEV</ChrgBr>
			<Dbtr>
				<Nm>HELLO</Nm>
				<Id>
					<PrvtId>
						<Othr>
							<Id>creditor privateIdValue</Id>
							<SchmeNm>
								<Prtry>0007</Prtry>
							</SchmeNm>
						</Othr>
					</PrvtId>
				</Id>
			</Dbtr>
			<DbtrAcct>
				<Id>
					<Othr>
						<Id>12345655547</Id>
					</Othr>
				</Id>
			</DbtrAcct>
			<DbtrAgt>
				<FinInstnId>
					<BICFI>NBOMOMRX</BICFI>
				</FinInstnId>
				<BrnchId>
					<Id>1</Id>
				</BrnchId>
			</DbtrAgt>
			<CdtrAgt>
				<FinInstnId>
					<BICFI>IZZBOMRU</BICFI>
				</FinInstnId>
			</CdtrAgt>
			<Cdtr>
				<Nm>YAZAN</Nm>
				<Id>
					<PrvtId>
						<Othr>
							<Id>creditor privateIdValue</Id>
							<SchmeNm>
								<Prtry>0007</Prtry>
							</SchmeNm>
						</Othr>
					</PrvtId>
				</Id>
			</Cdtr>
			<CdtrAcct>
				<Id>
					<Othr>
						<Id>31101001511</Id>
					</Othr>
				</Id>
			</CdtrAcct>
			<Purp>
            	 <Prtry>1</Prtry>
            </Purp>
			<RmtInf>
				<Ustrd>PACS8</Ustrd>
			</RmtInf>
		</CdtTrfTxInf>
		<SplmtryData>
			<Envlp>
				<ns2:supplementaryData>
					<ns2:Items>
						<ns2:Item key="batchSource">1</ns2:Item>
					</ns2:Items>
				</ns2:supplementaryData>
			</Envlp>
		</SplmtryData>
	</FIToFICstmrCdtTrf>
</Document>